<?xml version="1.0" encoding="UTF-8"?><collection xmlns="http://www.loc.gov/MARC21/slim"><record><leader>00635nam--2200193-i-4500</leader><controlfield tag="001">000043717</controlfield><controlfield tag="002">20161230</controlfield><controlfield tag="005">20161230201044</controlfield><controlfield tag="008">060222s1000------------r-----000-0-eng-d</controlfield><datafield ind1=" " ind2=" " tag="020"><subfield code="a">0850662419</subfield></datafield><datafield ind1=" " ind2=" " tag="040"><subfield code="a">IFIN-HH</subfield></datafield><datafield ind1=" " ind2=" " tag="080"><subfield code="a">539.213(061.3)</subfield></datafield><datafield ind1="1" ind2=" " tag="100"><subfield code="a">Gaskell,P.H</subfield></datafield><datafield ind1="1" ind2="0" tag="245"><subfield code="a">The structure of non-crystalline materials 1982</subfield><subfield code="b">Proceedings of the second international conference held in cambridge, uk on 12-15 july 1982</subfield><subfield code="c">P.h. gaskell, j.m. parker, e.a. davis (eds.)</subfield></datafield><datafield ind1=" " ind2=" " tag="260"><subfield code="a">London</subfield><subfield code="b">Taylor And Francis Ltd</subfield><subfield code="c">1983</subfield></datafield><datafield ind1=" " ind2=" " tag="300"><subfield code="a">609P</subfield></datafield><datafield ind1="1" ind2=" " tag="700"><subfield code="a">Davis, E.A</subfield><subfield code="e">Ed</subfield></datafield><datafield ind1=" " ind2=" " tag="852"><subfield code="a">72866</subfield><subfield code="c">539.21</subfield></datafield><datafield ind1=" " ind2=" " tag="CAT"><subfield code="a">Sys</subfield><subfield code="c">20121206</subfield><subfield code="h">145132</subfield></datafield></record></collection>